%% Created using Papers on Sat, 20 Aug 2016.
%% http://papersapp.com/papers/

@article{Wheeler:2012im,
author = {Wheeler, Travis J and Clements, Jody and Eddy, Sean R and Hubley, Robert and Jones, Thomas A and Jurka, Jerzy and Smit, Arian F A and Finn, Robert D},
title = {{Dfam: a database of repetitive DNA based on profile hidden Markov models.}},
journal = {Nucleic acids research},
year = {2012},
volume = {41},
number = {Database issue},
pages = {D70--D82},
month = dec
}

@webpage{Smit:OL9JT8qH,
author = {Smit, A F A and Hubley, R and Green, P},
title = {{\emph{RepeatMasker Open-4.0}}},
url = {http://www.repeatmasker.org}
}

@article{McConnell:1991hh,
author = {McConnell, S K},
title = {{The Generation of Neuronal Diversity in the Central Nervous System}},
journal = {Annual Review of Neuroscience},
year = {1991},
volume = {14},
number = {1},
pages = {269--300}
}

@article{Sherry:2001tj,
author = {Sherry, S T and Ward, M H and Kholodov, M and Baker, J and Phan, L and Smigielski, E M and Sirotkin, K},
title = {{dbSNP: the NCBI database of genetic variation.}},
journal = {Nucleic acids research},
year = {2001},
volume = {29},
number = {1},
pages = {308--311},
month = jan
}

@article{ORoak:2011kf,
author = {O{\textquoteright}Roak, Brian J and Deriziotis, Pelagia and Lee, Choli and Vives, Laura and Schwartz, Jerrod J and Girirajan, Santhosh and Karakoc, Emre and MacKenzie, Alexandra P and Ng, Sarah B and Baker, Carl and Rieder, Mark J and Nickerson, Deborah A and Bernier, Raphael and Fisher, Simon E and Shendure, Jay and Eichler, Evan E},
title = {{Exome sequencing in sporadic autism spectrum disorders identifies severe de novo mutations.}},
journal = {Nature genetics},
year = {2011},
volume = {43},
number = {6},
pages = {585--589},
month = jun
}

@article{Karolchik:2014eu,
author = {Karolchik, Donna and Barber, Galt P and Casper, Jonathan and Clawson, Hiram and Cline, Melissa S and Diekhans, Mark and Dreszer, Timothy R and Fujita, Pauline A and Guruvadoo, Luvina and Haeussler, Maximilian and Harte, Rachel A and Heitner, Steve and Hinrichs, Angie S and Learned, Katrina and Lee, Brian T and Li, Chin H and Raney, Brian J and Rhead, Brooke and Rosenbloom, Kate R and Sloan, Cricket A and Speir, Matthew L and Zweig, Ann S and Haussler, David and Kuhn, Robert M and Kent, W James},
title = {{The UCSC Genome Browser database: 2014 update.}},
journal = {Nucleic acids research},
year = {2014},
volume = {42},
number = {Database issue},
pages = {D764--70},
month = jan
}

@article{McGeechan:2009wc,
author = {McGeechan, Kevin and Liew, Gerald and Macaskill, Petra and Irwig, Les and Klein, Ronald and Klein, Barbara E K and Wang, Jie Jin and Mitchell, Paul and Vingerling, Johannes R and Dejong, Paulus T V M and Witteman, Jacqueline C M and Breteler, Monique M B and Shaw, Jonathan and Zimmet, Paul and Wong, Tien Y},
title = {{Meta-analysis: retinal vessel caliber and risk for coronary heart disease.}},
journal = {Annals of internal medicine},
year = {2009},
volume = {151},
number = {6},
pages = {404--413},
month = sep
}

@article{Fode:2000ik,
author = {Fode, C and Ma, Q and Casarosa, S and Ang, S L and Anderson, D J and Guillemot, F},
title = {{A role for neural determination genes in specifying the dorsoventral identity of telencephalic neurons.}},
journal = {Genes {\&} development},
year = {2000},
volume = {14},
number = {1},
pages = {67--80},
month = jan
}

@article{Jurka:2005bl,
author = {Jurka, J and Kapitonov, V V and Pavlicek, A and Klonowski, P and Kohany, O and Walichiewicz, J},
title = {{Repbase Update, a database of eukaryotic repetitive elements.}},
journal = {Cytogenetic and genome research},
year = {2005},
volume = {110},
number = {1-4},
pages = {462--467}
}

@article{Masai:1997eu,
author = {Masai, I and Heisenberg, C P and Barth, K A and Macdonald, R},
title = {{Floating head and masterblind regulate neuronal patterning in the roof of the forebrain}},
journal = {Neuron},
year = {1997},
volume = {18},
number = {1},
pages = {43--57}
}

@article{Sim:2013fm,
author = {Sim, Xueling and Jensen, Richard A and Ikram, M Kamran and Cotch, Mary Frances and Li, Xiaohui and Macgregor, Stuart and Xie, Jing and Smith, Albert Vernon and Boerwinkle, Eric and Mitchell, Paul and Klein, Ronald and Klein, Barbara E K and Glazer, Nicole L and Lumley, Thomas and McKnight, Barbara and Psaty, Bruce M and de Jong, Paulus T V M and Hofman, Albert and Rivadeneira, Fernando and Uitterlinden, Andre G and van Duijn, Cornelia M and Aspelund, Thor and Eiriksdottir, Gudny and Harris, Tamara B and Jonasson, Fridbert and Launer, Lenore J and {Wellcome Trust Case Control Consortium 2} and Attia, John and Baird, Paul N and Harrap, Stephen and Holliday, Elizabeth G and Inouye, Michael and Rochtchina, Elena and Scott, Rodney J and Viswanathan, Ananth and {Global BPGen Consortium} and Li, Guo and Smith, Nicholas L and Wiggins, Kerri L and Kuo, Jane Z and Taylor, Kent D and Hewitt, Alex W and Martin, Nicholas G and Montgomery, Grant W and Sun, Cong and Young, Terri L and Mackey, David A and van Zuydam, Natalie R and Doney, Alex S F and Palmer, Colin N A and Morris, Andrew D and Rotter, Jerome I and Tai, E Shyong and Gudnason, Vilmundur and Vingerling, Johannes R and Siscovick, David S and Wang, Jie Jin and Wong, Tien Y},
title = {{Genetic loci for retinal arteriolar microcirculation.}},
journal = {PloS one},
year = {2013},
volume = {8},
number = {6},
pages = {e65804}
}

@article{Willsey:2013bd,
author = {Willsey, A Jeremy and Sanders, Stephan J and Li, Mingfeng and Dong, Shan and Tebbenkamp, Andrew T and Muhle, Rebecca A and Reilly, Steven K and Lin, Leon and Fertuzinhos, Sofia and Miller, Jeremy A and Murtha, Michael T and Bichsel, Candace and Niu, Wei and Cotney, Justin and Ercan-Sencicek, A Gulhan and Gockley, Jake and Gupta, Abha R and Han, Wenqi and He, Xin and Hoffman, Ellen J and Klei, Lambertus and Lei, Jing and Liu, Wenzhong and Liu, Li and Lu, Cong and Xu, Xuming and Zhu, Ying and Mane, Shrikant M and Lein, Ed S and Wei, Liping and Noonan, James P and Roeder, Kathryn and Devlin, Bernie and {\v{S}}estan, Nenad and State, Matthew W},
title = {{Coexpression networks implicate human midfetal deep cortical projection neurons in the pathogenesis of autism.}},
journal = {Cell},
year = {2013},
volume = {155},
number = {5},
pages = {997--1007},
month = nov
}

@article{Coolen:2012gj,
author = {Coolen, Marion and Thieffry, Denis and Drivenes, {\O}yvind and Becker, Thomas S and Bally-Cuif, Laure},
title = {{miR-9 controls the timing of neurogenesis through the direct inhibition of antagonistic factors.}},
journal = {Developmental cell},
year = {2012},
volume = {22},
number = {5},
pages = {1052--1064},
month = may
}

@article{Uddin:2014dg,
author = {Uddin, Mohammed and Tammimies, Kristiina and Pellecchia, Giovanna and Alipanahi, Babak and Hu, Pingzhao and Wang, Zhuozhi and Pinto, Dalila and Lau, Lynette and Nalpathamkalam, Thomas and Marshall, Christian R and Blencowe, Benjamin J and Frey, Brendan J and Merico, Daniele and Yuen, Ryan K C and Scherer, Stephen W},
title = {{Brain-expressed exons under purifying selection are enriched for de novo mutations in autism spectrum disorder.}},
journal = {Nature genetics},
year = {2014},
volume = {46},
number = {7},
pages = {742--747},
month = jul
}

@article{Li:2011eo,
author = {Li, Q and Brown, J B and Huang, H and Bickel, P J},
title = {{Measuring reproducibility of high-throughput experiments}},
journal = {The annals of applied statistics},
year = {2011},
volume = {5},
number = {3},
pages = {1752--1779}
}

@article{Guo:2016ho,
author = {Guo, Long and Yamashita, Hiroshi and Kou, Ikuyo and Takimoto, Aki and Meguro-Horike, Makiko and Horike, Shin-ichi and Sakuma, Tetsushi and Miura, Shigenori and Adachi, Taiji and Yamamoto, Takashi and Ikegawa, Shiro and Hiraki, Yuji and Shukunami, Chisa},
title = {{Functional Investigation of a Non-coding Variant Associated with Adolescent Idiopathic Scoliosis in Zebrafish: Elevated Expression of the Ladybird Homeobox Gene Causes Body Axis Deformation.}},
journal = {PLoS Genetics},
year = {2016},
volume = {12},
number = {1},
pages = {e1005802},
month = jan
}

@article{GeneOntologyConsortium:2015fz,
author = {{Gene Ontology Consortium}},
title = {{Gene Ontology Consortium: going forward.}},
journal = {Nucleic acids research},
year = {2015},
volume = {43},
number = {Database issue},
pages = {D1049--56},
month = jan
}

@article{ORoak:2012kb,
author = {O{\textquoteright}Roak, Brian J and Vives, Laura and Girirajan, Santhosh and Karakoc, Emre and Krumm, Niklas and Coe, Bradley P and Levy, Roie and Ko, Arthur and Lee, Choli and Smith, Joshua D and Turner, Emily H and Stanaway, Ian B and Vernot, Benjamin and Malig, Maika and Baker, Carl and Reilly, Beau and Akey, Joshua M and Borenstein, Elhanan and Rieder, Mark J and Nickerson, Deborah A and Bernier, Raphael and Shendure, Jay and Eichler, Evan E},
title = {{Sporadic autism exomes reveal a highly interconnected protein network of de novo mutations.}},
journal = {Nature},
year = {2012},
volume = {485},
number = {7397},
pages = {246--250},
month = may
}

@article{Ayoub:2011jz,
author = {Ayoub, A E and Oh, S and Xie, Y and Leng, J and Cotney, J and Dominguez, M H and Noonan, J P and Rakic, P},
title = {{Transcriptional programs in transient embryonic zones of the cerebral cortex defined by high-resolution mRNA sequencing}},
journal = {Proceedings of the National Academy of Sciences},
year = {2011},
volume = {108},
number = {36},
pages = {14950--14955}
}

@article{Tuupanen:2009dk,
author = {Tuupanen, Sari and Turunen, Mikko and Lehtonen, Rainer and Hallikas, Outi and Vanharanta, Sakari and Kivioja, Teemu and Bj{\"o}rklund, Mikael and Wei, Gonghong and Yan, Jian and Niittym{\"a}ki, Iina and Mecklin, Jukka-Pekka and J{\"a}rvinen, Heikki and Ristim{\"a}ki, Ari and Di-Bernardo, Mariachiara and East, Phil and Carvajal-Carmona, Luis and Houlston, Richard S and Tomlinson, Ian and Palin, Kimmo and Ukkonen, Esko and Karhu, Auli and Taipale, Jussi and Aaltonen, Lauri A},
title = {{The common colorectal cancer predisposition SNP rs6983267 at chromosome 8q24 confers potential to enhanced Wnt signaling.}},
journal = {Nature genetics},
year = {2009},
volume = {41},
number = {8},
pages = {885--890},
month = aug
}

@article{Manthey:2014fy,
author = {Manthey, Abby L and Lachke, Salil A and FitzGerald, Paul G and Mason, Robert W and Scheiblin, David A and McDonald, John H and Duncan, Melinda K},
title = {{Loss of Sip1 leads to migration defects and retention of ectodermal markers during lens development.}},
journal = {Mechanisms of development},
year = {2014},
volume = {131},
pages = {86--110},
month = feb
}

@article{Tuteja:2014cw,
author = {Tuteja, Geetu and Moreira, Karen Betancourt and Chung, Tisha and Chen, Jenny and Wenger, Aaron M and Bejerano, Gill},
title = {{Automated Discovery of Tissue-Targeting Enhancers and Transcription Factors from Binding Motif and Gene Function Data}},
journal = {PLoS computational biology},
year = {2014},
volume = {10},
number = {1},
pages = {e1003449--16},
month = jan
}

@article{Edgar:2004bo,
author = {Edgar, Robert C},
title = {{MUSCLE: multiple sequence alignment with high accuracy and high throughput.}},
journal = {Nucleic acids research},
year = {2004},
volume = {32},
number = {5},
pages = {1792--1797}
}

@article{Bedogni:2010ew,
author = {Bedogni, Francesco and Hodge, Rebecca D and Elsen, Gina E and Nelson, Branden R and Daza, Ray A M and Beyer, Richard P and Bammler, Theo K and Rubenstein, John L R and Hevner, Robert F},
title = {{Tbr1 regulates regional and laminar identity of postmitotic neurons in developing neocortex.}},
journal = {Proceedings of the National Academy of Sciences of the United States of America},
year = {2010},
volume = {107},
number = {29},
pages = {13129--13134},
month = jul
}

@article{Jolma:2013fh,
author = {Jolma, Arttu and Yan, Jian and Whitington, Thomas and Toivonen, Jarkko and Nitta, Kazuhiro R and Rastas, Pasi and Morgunova, Ekaterina and Enge, Martin and Taipale, Mikko and Wei, Gonghong and Palin, Kimmo and Vaquerizas, Juan M and Vincentelli, Renaud and Luscombe, Nicholas M and Hughes, Timothy R and Lemaire, Patrick and Ukkonen, Esko and Kivioja, Teemu and Taipale, Jussi},
title = {{DNA-binding specificities of human transcription factors.}},
journal = {Cell},
year = {2013},
volume = {152},
number = {1-2},
pages = {327--339},
month = jan
}

@article{Zhang:2016bm,
author = {Zhang, Ye and Sloan, Steven A and Clarke, Laura E and Caneda, Christine and Plaza, Colton A and Blumenthal, Paul D and Vogel, Hannes and Steinberg, Gary K and Edwards, Michael S B and Li, Gordon and Duncan, John A and Cheshier, Samuel H and Shuer, Lawrence M and Chang, Edward F and Grant, Gerald A and Gephart, Melanie G Hayden and Barres, Ben A},
title = {{Purification and Characterization of Progenitor and Mature Human Astrocytes Reveals Transcriptional and Functional Differences with Mouse.}},
journal = {Neuron},
year = {2016},
volume = {89},
number = {1},
pages = {37--53},
month = jan
}

@article{Cobos:2005gy,
author = {Cobos, Inma and Calcagnotto, Maria Elisa and Vilaythong, Alex J and Thwin, Myo T and Noebels, Jeffrey L and Baraban, Scott C and Rubenstein, John L R},
title = {{Mice lacking Dlx1 show subtype-specific loss of interneurons, reduced inhibition and epilepsy.}},
journal = {Nature neuroscience},
year = {2005},
volume = {8},
number = {8},
pages = {1059--1068},
month = aug
}

@article{Britten:1971tl,
author = {Britten, R J and Davidson, E H},
title = {{Repetitive and non-repetitive DNA sequences and a speculation on the origins of evolutionary novelty.}},
journal = {The Quarterly review of biology},
year = {1971},
volume = {46},
number = {2},
pages = {111--138},
month = jun
}

@article{Bernstein:2010cw,
author = {Bernstein, Bradley E and Stamatoyannopoulos, John A and Costello, Joseph F and Ren, Bing and Milosavljevic, Aleksandar and Meissner, Alexander and Kellis, Manolis and Marra, Marco A and Beaudet, Arthur L and Ecker, Joseph R and Farnham, Peggy J and Hirst, Martin and Lander, Eric S and Mikkelsen, Tarjei S and Thomson, James A},
title = {{The NIH Roadmap Epigenomics Mapping Consortium}},
year = {2010},
volume = {28},
number = {10},
pages = {1045--1048},
month = oct
}

@article{Iossifov:2012bd,
author = {Iossifov, Ivan and Ronemus, Michael and Levy, Dan and Wang, Zihua and Hakker, Inessa and Rosenbaum, Julie and Yamrom, Boris and Lee, Yoon-ha and Narzisi, Giuseppe and Leotta, Anthony and Kendall, Jude and Grabowska, Ewa and Ma, Beicong and Marks, Steven and Rodgers, Linda and Stepansky, Asya and Troge, Jennifer and Andrews, Peter and Bekritsky, Mitchell and Pradhan, Kith and Ghiban, Elena and Kramer, Melissa and Parla, Jennifer and Demeter, Ryan and Fulton, Lucinda L and Fulton, Robert S and Magrini, Vincent J and Ye, Kenny and Darnell, Jennifer C and Darnell, Robert B and Mardis, Elaine R and Wilson, Richard K and Schatz, Michael C and McCombie, W Richard and Wigler, Michael},
title = {{De novo gene disruptions in children on the autistic spectrum.}},
journal = {Neuron},
year = {2012},
volume = {74},
number = {2},
pages = {285--299},
month = apr
}

@article{Kent:2002jd,
author = {Kent, W James},
title = {{BLAT--the BLAST-like alignment tool.}},
journal = {Genome research},
year = {2002},
volume = {12},
number = {4},
pages = {656--664},
month = apr
}

@article{Coolen:2013dw,
author = {Coolen, Marion and Katz, Shauna and Bally-Cuif, Laure},
title = {{miR-9: a versatile regulator of neurogenesis.}},
journal = {Frontiers in cellular neuroscience},
year = {2013},
volume = {7},
pages = {220}
}

@article{Sharon:2012io,
author = {Sharon, Eilon and Kalma, Yael and Sharp, Ayala and Raveh-Sadka, Tali and Levo, Michal and Zeevi, Danny and Keren, Leeat and Yakhini, Zohar and Weinberger, Adina and Segal, Eran},
title = {{Inferring gene regulatory logic from high-throughput measurements of thousands of systematically designed promoters.}},
journal = {Nature biotechnology},
year = {2012},
volume = {30},
number = {6},
pages = {521--530},
month = jun
}

@article{Kimmel:1995kn,
author = {Kimmel, C B and Ballard, W W and Kimmel, S R and Ullmann, B and Schilling, T F},
title = {{Stages of embryonic development of the zebrafish.}},
journal = {Developmental dynamics : an official publication of the American Association of Anatomists},
year = {1995},
volume = {203},
number = {3},
pages = {253--310},
month = jul
}

@article{Rodriguez:2004kc,
author = {Rodriguez, Antony and Griffiths-Jones, Sam and Ashurst, Jennifer L and Bradley, Allan},
title = {{Identification of mammalian microRNA host genes and transcription units.}},
journal = {Genome research},
year = {2004},
volume = {14},
number = {10A},
pages = {1902--1910},
month = oct
}

@article{Camp:2012dh,
author = {Camp, J Gray and Jazwa, Amelia L and Trent, Chad M and Rawls, John F},
title = {{Intronic cis-regulatory modules mediate tissue-specific and microbial control of angptl4/fiaf transcription.}},
journal = {PLoS Genetics},
year = {2012},
volume = {8},
number = {3},
pages = {e1002585}
}

@article{Arnold:2013di,
author = {Arnold, Cosmas D and Gerlach, Daniel and Stelzer, Christoph and Bory{\'{n}}, {\L}ukasz M and Rath, Martina and Stark, Alexander},
title = {{Genome-wide quantitative enhancer activity maps identified by STARR-seq.}},
journal = {Science (New York, N.Y.)},
year = {2013},
volume = {339},
number = {6123},
pages = {1074--1077},
month = mar
}

@article{Chan:2009dz,
author = {Chan, Patricia P and Lowe, Todd M},
title = {{GtRNAdb: a database of transfer RNA genes detected in genomic sequence.}},
journal = {Nucleic acids research},
year = {2009},
volume = {37},
number = {Database issue},
pages = {D93--7},
month = jan
}

@article{Carvalho:2010bc,
author = {Carvalho, Benilton S and Irizarry, Rafael A},
title = {{A framework for oligonucleotide microarray preprocessing.}},
journal = {Bioinformatics (Oxford, England)},
year = {2010},
volume = {26},
number = {19},
pages = {2363--2367},
month = oct
}

@article{Krumm:2014hd,
author = {Krumm, Niklas and O{\textquoteright}Roak, Brian J and Shendure, Jay and Eichler, Evan E},
title = {{A de novo convergence of autism genetics and molecular neuroscience.}},
journal = {Trends in neurosciences},
year = {2014},
volume = {37},
number = {2},
pages = {95--105},
month = feb
}

@article{Lin:1997vi,
author = {Lin, Q and Schwarz, J and Bucana, C and Olson, E N},
title = {{Control of mouse cardiac morphogenesis and myogenesis by transcription factor MEF2C.}},
journal = {Science (New York, N.Y.)},
year = {1997},
volume = {276},
number = {5317},
pages = {1404--1407},
month = may
}

@article{Guturu:2013do,
author = {Guturu, H and Doxey, A C and Wenger, A M and Bejerano, G},
title = {{Structure-aided prediction of mammalian transcription factor complexes in conserved non-coding elements}},
journal = {Philosophical Transactions of the Royal Society B: Biological Sciences},
year = {2013},
volume = {368},
number = {1632},
pages = {20130029--20130029},
month = nov
}

@article{Ikram:2010gv,
author = {Ikram, M Kamran and Sim, Xueling and Xueling, Sim and Jensen, Richard A and Cotch, Mary Frances and Hewitt, Alex W and Ikram, M Arfan and Wang, Jie Jin and Klein, Ronald and Klein, Barbara E K and Breteler, Monique M B and Cheung, Ning and Liew, Gerald and Mitchell, Paul and Uitterlinden, Andre G and Rivadeneira, Fernando and Hofman, Albert and de Jong, Paulus T V M and van Duijn, Cornelia M and Kao, Linda and Cheng, Ching-Yu and Smith, Albert Vernon and Glazer, Nicole L and Lumley, Thomas and McKnight, Barbara and Psaty, Bruce M and Jonasson, Fridbert and Eiriksdottir, Gudny and Aspelund, Thor and {Global BPGen Consortium} and Harris, Tamara B and Launer, Lenore J and Taylor, Kent D and Li, Xiaohui and Iyengar, Sudha K and Xi, Quansheng and Sivakumaran, Theru A and Mackey, David A and Macgregor, Stuart and Martin, Nicholas G and Young, Terri L and Bis, Josh C and Wiggins, Kerri L and Heckbert, Susan R and Hammond, Christopher J and Andrew, Toby and Fahy, Samantha and Attia, John and Holliday, Elizabeth G and Scott, Rodney J and Islam, F M Amirul and Rotter, Jerome I and McAuley, Annie K and Boerwinkle, Eric and Tai, E Shyong and Gudnason, Vilmundur and Siscovick, David S and Vingerling, Johannes R and Wong, Tien Y},
title = {{Four novel Loci (19q13, 6q24, 12q24, and 5q14) influence the microcirculation in vivo.}},
journal = {PLoS Genetics},
year = {2010},
volume = {6},
number = {10},
pages = {e1001184},
month = oct
}

@article{Blow:2010bu,
author = {Blow, Matthew J and McCulley, David J and Li, Zirong and Zhang, Tao and Akiyama, Jennifer A and Holt, Amy and Plajzer-Frick, Ingrid and Shoukry, Malak and Wright, Crystal and Chen, Feng and Afzal, Veena and Bristow, James and Ren, Bing and Black, Brian L and Rubin, Edward M and Visel, Axel and Pennacchio, Len A},
title = {{ChIP-Seq identification of weakly conserved heart enhancers.}},
journal = {Nature genetics},
year = {2010},
volume = {42},
number = {9},
pages = {806--810},
month = sep
}

@article{Deriziotis:2014ku,
author = {Deriziotis, Pelagia and O{\textquoteright}Roak, Brian J and Graham, Sarah A and Estruch, Sara B and Dimitropoulou, Danai and Bernier, Raphael A and Gerdts, Jennifer and Shendure, Jay and Eichler, Evan E and Fisher, Simon E},
title = {{De novo TBR1 mutations in sporadic autism disrupt protein functions.}},
journal = {Nature communications},
year = {2014},
volume = {5},
pages = {4954}
}

@article{Choi:2007dn,
author = {Choi, Jayoung and Dong, Linda and Ahn, Janice and Dao, Diem and Hammerschmidt, Matthias and Chen, Jau-Nian},
title = {{FoxH1 negatively modulates flk1 gene expression and vascular formation in zebrafish.}},
journal = {Developmental biology},
year = {2007},
volume = {304},
number = {2},
pages = {735--744},
month = apr
}

@article{Chuong:2013hj,
author = {Chuong, Edward B and Rumi, M A Karim and Soares, Michael J and Baker, Julie C},
title = {{Endogenous retroviruses function as species-specific enhancer elements in the placenta.}},
journal = {Nature genetics},
year = {2013},
month = feb
}

@article{Consortium:2015ib,
author = {Exome Aggregation Consortium and Lek, Monkol and Karczewski, Konrad and Minikel, Eric and Samocha, Kaitlin and Banks, Eric and Fennell, Timothy and O'Donnell-Luria, Anne and Ware, James and Hill, Andrew and Cummings, Beryl and Tukiainen, Taru and Birnbaum, Daniel and Kosmicki, Jack and Duncan, Laramie and Estrada, Karol and Zhao, Fengmei and Zou, James and Pierce-Hoffman, Emma and Cooper, David and DePristo, Mark and Do, Ron and Flannick, Jason and Fromer, Menachem and Gauthier, Laura and Goldstein, Jackie and Gupta, Namrata and Howrigan, Daniel and Kiezun, Adam and Kurki, Mitja and Moonshine, Ami Levy and Natarajan, Pradeep and Orozco, Lorena and Peloso, Gina and Poplin, Ryan and Rivas, Manuel and Ruano-Rubio, Valentin and Ruderfer, Douglas and Shakir, Khalid and Stenson, Peter and Stevens, Christine and Thomas, Brett and Tiao, Grace and Tusie-Luna, Maria and Ben Weisburd and Won, Hong-Hee and Yu, Dongmei and Altshuler, David and Ardissino, Diego and Boehnke, Michael and Danesh, John and Roberto, Elosua and Florez, Jose and Gabriel, Stacey and Getz, Gad and Hultman, Christina and Kathiresan, Sekar and Laakso, Markku and McCarroll, Steven and McCarthy, Mark and McGovern, Dermot and McPherson, Ruth and Neale, Benjamin and Palotie, Aarno and Purcell, Shaun and Saleheen, Danish and Scharf, Jeremiah and Sklar, Pamela and Patrick, Sullivan and Tuomilehto, Jaakko and Watkins, Hugh and Wilson, James and Daly, Mark and MacArthur, Daniel},
title = {{Analysis of protein-coding genetic variation in 60,706 humans}},
journal = {bioRxiv},
year = {2015},
pages = {030338},
month = oct
}

@article{Long:2003tj,
author = {Long, Jason E and Garel, Sonia and Depew, Michael J and Tobet, Stuart and Rubenstein, John L R},
title = {{DLX5 regulates development of peripheral and central components of the olfactory system.}},
journal = {The Journal of neuroscience : the official journal of the Society for Neuroscience},
year = {2003},
volume = {23},
number = {2},
pages = {568--578},
month = jan
}

@article{Iossifov:2015gi,
author = {Iossifov, Ivan and Levy, Dan and Allen, Jeremy and Ye, Kenny and Ronemus, Michael and Lee, Yoon-ha and Yamrom, Boris and Wigler, Michael},
title = {{Low load for disruptive mutations in autism genes and their biased transmission.}},
journal = {Proceedings of the National Academy of Sciences of the United States of America},
year = {2015},
volume = {112},
number = {41},
pages = {E5600--7},
month = oct
}

@article{Machanick:2011ge,
author = {Machanick, Philip and Bailey, Timothy L},
title = {{MEME-ChIP: motif analysis of large DNA datasets.}},
journal = {Bioinformatics (Oxford, England)},
year = {2011},
volume = {27},
number = {12},
pages = {1696--1697},
month = jun
}

@article{Hindorff:2009cc,
author = {Hindorff, Lucia A and Sethupathy, Praveen and Junkins, Heather A and Ramos, Erin M and Mehta, Jayashri P and Collins, Francis S and Manolio, Teri A},
title = {{Potential etiologic and functional implications of genome-wide association loci for human diseases and traits.}},
journal = {Proceedings of the National Academy of Sciences of the United States of America},
year = {2009},
volume = {106},
number = {23},
pages = {9362--9367},
month = jun
}

@article{Spieler:2014ky,
author = {Spieler, Derek and Kaffe, Maria and Knauf, Franziska and Bessa, Jos{\'e} and Tena, Juan J and Giesert, Florian and Schormair, Barbara and Tilch, Erik and Lee, Heekyoung and Horsch, Marion and Czamara, Darina and Karbalai, Nazanin and von Toerne, Christine and Waldenberger, Melanie and Gieger, Christian and Lichtner, Peter and Claussnitzer, Melina and Naumann, Ronald and M{\"u}ller-Myhsok, Bertram and Torres, Miguel and Garrett, Lillian and Rozman, Jan and Klingenspor, Martin and Gailus-Durner, Val{\'e}rie and Fuchs, Helmut and Hrab{\v e} de Angelis, Martin and Beckers, Johannes and H{\"o}lter, Sabine M and Meitinger, Thomas and Hauck, Stefanie M and Laumen, Helmut and Wurst, Wolfgang and Casares, Fernando and G{\'o}mez-Skarmeta, Jose Luis and Winkelmann, Juliane},
title = {{Restless Legs Syndrome-associated intronic common variant in Meis1 alters enhancer function in the developing telencephalon.}},
journal = {Genome research},
year = {2014},
volume = {24},
number = {4},
pages = {592--603},
month = apr
}

@article{MacArthur:2010ih,
author = {MacArthur, Daniel G and Tyler-Smith, Chris},
title = {{Loss-of-function variants in the genomes of healthy humans.}},
journal = {Human molecular genetics},
year = {2010},
volume = {19},
number = {R2},
pages = {R125--30},
month = oct
}

@article{Sivak:2005by,
author = {Sivak, Jeremy M and Petersen, Lars F and Amaya, Enrique},
title = {{FGF signal interpretation is directed by Sprouty and Spred proteins during mesoderm formation.}},
journal = {Developmental cell},
year = {2005},
volume = {8},
number = {5},
pages = {689--701},
month = may
}

@article{ENCODEProjectConsortium:2012gc,
author = {{ENCODE Project Consortium}},
title = {{An integrated encyclopedia of DNA elements in the human genome.}},
journal = {Nature},
year = {2012},
volume = {489},
number = {7414},
pages = {57--74},
month = sep
}

@article{Zhang:2012ih,
author = {Zhang, Huanyu and Qi, Meng and Li, Shiwang and Qi, Teng and Mei, Hong and Huang, Kai and Zheng, Liduan and Tong, Qiangsong},
title = {{microRNA-9 targets matrix metalloproteinase 14 to inhibit invasion, metastasis, and angiogenesis of neuroblastoma cells.}},
journal = {Molecular cancer therapeutics},
year = {2012},
volume = {11},
number = {7},
pages = {1454--1466},
month = jul
}

@article{Chuang:2014bc,
author = {Chuang, Hsiu-Chun and Huang, Tzyy-Nan and Hsueh, Yi-Ping},
title = {{Neuronal excitation upregulates Tbr1, a high-confidence risk gene of autism, mediating Grin2b expression in the adult brain.}},
journal = {Frontiers in cellular neuroscience},
year = {2014},
volume = {8},
number = {15},
pages = {280}
}

@article{Ovcharenko:2005br,
author = {Ovcharenko, Ivan and Loots, Gabriela G and Nobrega, Marcelo A and Hardison, Ross C and Miller, Webb and Stubbs, Lisa},
title = {{Evolution and functional classification of vertebrate gene deserts.}},
journal = {Genome research},
year = {2005},
volume = {15},
number = {1},
pages = {137--145},
month = jan
}

@article{Kazazian:2004bf,
author = {Kazazian, Haig H},
title = {{Mobile elements: drivers of genome evolution.}},
journal = {Science (New York, N.Y.)},
year = {2004},
volume = {303},
number = {5664},
pages = {1626--1632},
month = mar
}

@article{PortalesCasamar:2010db,
author = {Portales-Casamar, Elodie and Thongjuea, Supat and Kwon, Andrew T and Arenillas, David and Zhao, Xiaobei and Valen, Eivind and Yusuf, Dimas and Lenhard, Boris and Wasserman, Wyeth W and Sandelin, Albin},
title = {{JASPAR 2010: the greatly expanded open-access database of transcription factor binding profiles.}},
journal = {Nucleic acids research},
year = {2010},
volume = {38},
number = {Database issue},
pages = {D105--10},
month = jan
}

@article{McKenna:2011ew,
author = {McKenna, William L and Betancourt, Jennifer and Larkin, Kathryn A and Abrams, Benjamin and Guo, Chao and Rubenstein, John L R and Chen, Bin},
title = {{Tbr1 and Fezf2 regulate alternate corticofugal neuronal identities during neocortical development.}},
journal = {The Journal of neuroscience : the official journal of the Society for Neuroscience},
year = {2011},
volume = {31},
number = {2},
pages = {549--564},
month = jan
}

@article{Wallace:1999us,
author = {Wallace, V A and Raff, M C},
title = {{A role for Sonic hedgehog in axon-to-astrocyte signalling in the rodent optic nerve.}},
journal = {Development (Cambridge, England)},
year = {1999},
volume = {126},
number = {13},
pages = {2901--2909},
month = jul
}

@article{Nicolae:2010fk,
author = {Nicolae, Dan L and Gamazon, Eric and Zhang, Wei and Duan, Shiwei and Dolan, M Eileen and Cox, Nancy J},
title = {{Trait-associated SNPs are more likely to be eQTLs: annotation to enhance discovery from GWAS.}},
journal = {PLoS Genetics},
year = {2010},
volume = {6},
number = {4},
pages = {e1000888},
month = apr
}

@article{Quaegebeur:2011bd,
author = {Quaegebeur, Annelies and Lange, Christian and Carmeliet, Peter},
title = {{The neurovascular link in health and disease: molecular mechanisms and therapeutic implications.}},
journal = {Neuron},
year = {2011},
volume = {71},
number = {3},
pages = {406--424},
month = aug
}

@article{Rozen:2000wg,
author = {Rozen, S and Skaletsky, H},
title = {{Primer3 on the WWW for general users and for biologist programmers.}},
journal = {Methods in molecular biology (Clifton, N.J.)},
year = {2000},
volume = {132},
pages = {365--386}
}

@article{Hormozdiari:2015ih,
author = {Hormozdiari, Fereydoun and Penn, Osnat and Borenstein, Elhanan and Eichler, Evan E},
title = {{The discovery of integrated gene networks for autism and related disorders.}},
journal = {Genome research},
year = {2015},
volume = {25},
number = {1},
pages = {142--154},
month = jan
}

@article{Huang:2014bz,
author = {Huang, Tzyy-Nan and Chuang, Hsiu-Chun and Chou, Wen-Hsi and Chen, Chiung-Ya and Wang, Hsiao-Fang and Chou, Shen-Ju and Hsueh, Yi-Ping},
title = {{Tbr1 haploinsufficiency impairs amygdalar axonal projections and results in cognitive abnormality.}},
journal = {Nature neuroscience},
year = {2014},
volume = {17},
number = {2},
pages = {240--247},
month = feb
}

@article{Yu:2013im,
author = {Yu, Timothy W and Chahrour, Maria H and Coulter, Michael E and Jiralerspong, Sarn and Okamura-Ikeda, Kazuko and Ataman, Bulent and Schmitz-Abe, Klaus and Harmin, David A and Adli, Mazhar and Malik, Athar N and D{\textquoteright}Gama, Alissa M and Lim, Elaine T and Sanders, Stephan J and Mochida, Ganesh H and Partlow, Jennifer N and Sunu, Christine M and Felie, Jillian M and Rodriguez, Jacqueline and Nasir, Ramzi H and Ware, Janice and Joseph, Robert M and Hill, R Sean and Kwan, Benjamin Y and Al-Saffar, Muna and Mukaddes, Nahit M and Hashmi, Asif and Balkhy, Soher and Gascon, Generoso G and Hisama, Fuki M and LeClair, Elaine and Poduri, Annapurna and Oner, Ozgur and Al-Saad, Samira and Al-Awadi, Sadika A and Bastaki, Laila and Ben-Omran, Tawfeg and Teebi, Ahmad S and Al-Gazali, Lihadh and Eapen, Valsamma and Stevens, Christine R and Rappaport, Leonard and Gabriel, Stacey B and Markianos, Kyriacos and State, Matthew W and Greenberg, Michael E and Taniguchi, Hisaaki and Braverman, Nancy E and Morrow, Eric M and Walsh, Christopher A},
title = {{Using Whole-Exome Sequencing to Identify Inherited Causes of Autism}},
journal = {Neuron},
year = {2013},
volume = {77},
number = {2},
pages = {259--273}
}

@article{Visel:2009jp,
author = {Visel, Axel and Blow, Matthew J and Li, Zirong and Zhang, Tao and Akiyama, Jennifer A and Holt, Amy and Plajzer-Frick, Ingrid and Shoukry, Malak and Wright, Crystal and Chen, Feng and Afzal, Veena and Ren, Bing and Rubin, Edward M and Pennacchio, Len A},
title = {{ChIP-seq accurately predicts tissue-specific activity of enhancers.}},
journal = {Nature},
year = {2009},
volume = {457},
number = {7231},
pages = {854--858},
month = feb
}

@article{Molyneaux:2007hy,
author = {Molyneaux, Bradley J and Arlotta, Paola and Menezes, Joao R L and Macklis, Jeffrey D},
title = {{Neuronal subtype specification in the cerebral cortex.}},
journal = {Nature reviews. Neuroscience},
year = {2007},
volume = {8},
number = {6},
pages = {427--437},
month = jun
}

@article{McLean:2010iq,
author = {McLean, Cory Y and Bristor, Dave and Hiller, Michael and Clarke, Shoa L and Schaar, Bruce T and Lowe, Craig B and Wenger, Aaron M and Bejerano, Gill},
title = {{GREAT improves functional interpretation of cis-regulatory regions.}},
journal = {Nature biotechnology},
year = {2010},
volume = {28},
number = {5},
pages = {495--501},
month = may
}

@article{SteelePerkins:2005kt,
author = {Steele-Perkins, George and Plachez, C{\'e}line and Butz, Kenneth G and Yang, Guanhu and Bachurski, Cindy J and Kinsman, Stephen L and Litwack, E David and Richards, Linda J and Gronostajski, Richard M},
title = {{The transcription factor gene Nfib is essential for both lung maturation and brain development.}},
journal = {Molecular and cellular biology},
year = {2005},
volume = {25},
number = {2},
pages = {685--698},
month = jan
}

@article{Dingledine:1999up,
author = {Dingledine, R and Borges, K and Bowie, D and Traynelis, S F},
title = {{The glutamate receptor ion channels.}},
journal = {Pharmacological reviews},
year = {1999},
volume = {51},
number = {1},
pages = {7--61},
month = mar
}

@article{Bejerano:2006ep,
author = {Bejerano, Gill and Lowe, Craig B and Ahituv, Nadav and King, Bryan and Siepel, Adam and Salama, Sofie R and Rubin, Edward M and Kent, W James and Haussler, David},
title = {{A distal enhancer and an ultraconserved exon are derived from a novel retroposon.}},
journal = {Nature},
year = {2006},
volume = {441},
number = {7089},
pages = {87--90},
month = may
}

@article{Lowe:2010ka,
author = {Lowe, Craig B and Bejerano, Gill and Salama, Sofie R and Haussler, David},
title = {{Endangered species hold clues to human evolution.}},
journal = {The Journal of heredity},
year = {2010},
volume = {101},
number = {4},
pages = {437--447},
month = jul
}

@article{Flicek:2014cy,
author = {Flicek, Paul and Amode, M Ridwan and Barrell, Daniel and Beal, Kathryn and Billis, Konstantinos and Brent, Simon and Carvalho-Silva, Denise and Clapham, Peter and Coates, Guy and Fitzgerald, Stephen and Gil, Laurent and Gir{\'o}n, Carlos Garc{\'\i}a and Gordon, Leo and Hourlier, Thibaut and Hunt, Sarah and Johnson, Nathan and Juettemann, Thomas and K{\"a}h{\"a}ri, Andreas K and Keenan, Stephen and Kulesha, Eugene and Martin, Fergal J and Maurel, Thomas and McLaren, William M and Murphy, Daniel N and Nag, Rishi and Overduin, Bert and Pignatelli, Miguel and Pritchard, Bethan and Pritchard, Emily and Riat, Harpreet S and Ruffier, Magali and Sheppard, Daniel and Taylor, Kieron and Thormann, Anja and Trevanion, Stephen J and Vullo, Alessandro and Wilder, Steven P and Wilson, Mark and Zadissa, Amonida and Aken, Bronwen L and Birney, Ewan and Cunningham, Fiona and Harrow, Jennifer and Herrero, Javier and Hubbard, Tim J P and Kinsella, Rhoda and Muffato, Matthieu and Parker, Anne and Spudich, Giulietta and Yates, Andy and Zerbino, Daniel R and Searle, Stephen M J},
title = {{Ensembl 2014.}},
journal = {Nucleic acids research},
year = {2014},
volume = {42},
number = {Database issue},
pages = {D749--55},
month = jan
}

@article{Lowe:2007je,
author = {Lowe, Craig B and Bejerano, Gill and Haussler, David},
title = {{Thousands of human mobile element fragments undergo strong purifying selection near developmental genes.}},
journal = {Proceedings of the National Academy of Sciences},
year = {2007},
volume = {104},
number = {19},
pages = {8005--8010},
month = may
}

@article{Notwell:2015hj,
author = {Notwell, James H and Chung, Tisha and Heavner, Whitney and Bejerano, Gill},
title = {{A family of transposable elements co-opted into developmental enhancers in the mouse neocortex.}},
journal = {Nature communications},
year = {2015},
volume = {6},
pages = {6644}
}

@article{Burge:2013bs,
author = {Burge, Sarah W and Daub, Jennifer and Eberhardt, Ruth and Tate, John and Barquist, Lars and Nawrocki, Eric P and Eddy, Sean R and Gardner, Paul P and Bateman, Alex},
title = {{Rfam 11.0: 10 years of RNA families.}},
journal = {Nucleic acids research},
year = {2013},
volume = {41},
number = {Database issue},
pages = {D226--32},
month = jan
}

@article{Hevner:2001wq,
author = {Hevner, R F and Shi, L M and Justice, N and Hsueh, T P and Sheng, M and Smiga, S and Bulfone, A and Goffinet, A M and Campagnoni, A T and Rubenstein, JLR},
title = {{Tbr1 regulates differentiation of the preplate and layer 6}},
journal = {Neuron},
year = {2001},
volume = {29},
number = {2},
pages = {353--366},
month = feb
}

@article{Wheeler:2013gj,
author = {Wheeler, Travis J and Eddy, Sean R},
title = {{nhmmer: DNA homology search with profile HMMs.}},
journal = {Bioinformatics (Oxford, England)},
year = {2013},
volume = {29},
number = {19},
pages = {2487--2489},
month = oct
}

@article{Hopfer:2005gy,
author = {Hopfer, Ulrike and Fukai, Naomi and Hopfer, Helmut and Wolf, Gunter and Joyce, Nancy and Li, En and Olsen, Bjorn R},
title = {{Targeted disruption of Col8a1 and Col8a2 genes in mice leads to anterior segment abnormalities in the eye.}},
journal = {FASEB journal : official publication of the Federation of American Societies for Experimental Biology},
year = {2005},
volume = {19},
number = {10},
pages = {1232--1244},
month = aug
}

@article{Sprague:2006el,
author = {Sprague, Judy and Bayraktaroglu, Leyla and Clements, Dave and Conlin, Tom and Fashena, David and Frazer, Ken and Haendel, Melissa and Howe, Douglas G and Mani, Prita and Ramachandran, Sridhar and Schaper, Kevin and Segerdell, Erik and Song, Peiran and Sprunger, Brock and Taylor, Sierra and Van Slyke, Ceri E and Westerfield, Monte},
title = {{The Zebrafish Information Network: the zebrafish model organism database.}},
journal = {Nucleic acids research},
year = {2006},
volume = {34},
number = {Database issue},
pages = {D581--5},
month = jan
}

@article{Karali:2016db,
author = {Karali, Marianthi and Persico, Maria and Mutarelli, Margherita and Carissimo, Annamaria and Pizzo, Mariateresa and Singh Marwah, Veer and Ambrosio, Concetta and Pinelli, Michele and Carrella, Diego and Ferrari, Stefano and Ponzin, Diego and Nigro, Vincenzo and di Bernardo, Diego and Banfi, Sandro},
title = {{High-resolution analysis of the human retina miRNome reveals isomiR variations and novel microRNAs.}},
journal = {Nucleic acids research},
year = {2016},
volume = {44},
number = {4},
pages = {1525--1540},
month = feb
}

@article{Visel:2013it,
author = {Visel, Axel and Taher, Leila and Girgis, Hani and May, Dalit and Golonzhka, Olga and Hoch, Renee V and McKinsey, Gabriel L and Pattabiraman, Kartik and Silberberg, Shanni N and Blow, Matthew J and Hansen, David V and Nord, Alex S and Akiyama, Jennifer A and Holt, Amy and Hosseini, Roya and Phouanenavong, Sengthavy and Plajzer-Frick, Ingrid and Shoukry, Malak and Afzal, Veena and Kaplan, Tommy and Kriegstein, Arnold R and Rubin, Edward M and Ovcharenko, Ivan and Pennacchio, Len A and Rubenstein, John L R},
title = {{A high-resolution enhancer atlas of the developing telencephalon.}},
journal = {Cell},
year = {2013},
volume = {152},
number = {4},
pages = {895--908},
month = feb
}

@article{dasNeves:1999cn,
author = {das Neves, Liomar and Duchala, Cynthia S and Godinho, Fatima and Haxhiu, Musa A and Colmenares, Clemencia and Macklin, Wendy B and Campbell, Christine E and Butz, Kenneth G and Gronostajski, Richard M},
title = {{Disruption of the murine nuclear factor I-A gene (Nfia) results in perinatal lethality, hydrocephalus, and agenesis of the corpus callosum}},
journal = {Proceedings of the National Academy of Sciences of the United States of America},
year = {1999},
volume = {96},
number = {21},
pages = {11946--11951},
month = oct
}

@article{Iossifov:2014if,
author = {Iossifov, Ivan and O{\textquoteright}Roak, Brian J and Sanders, Stephan J and Ronemus, Michael and Krumm, Niklas and Levy, Dan and Stessman, Holly A and Witherspoon, Kali T and Vives, Laura and Patterson, Karynne E and Smith, Joshua D and Paeper, Bryan and Nickerson, Deborah A and Dea, Jeanselle and Dong, Shan and Gonzalez, Luis E and Mandell, Jeffrey D and Mane, Shrikant M and Murtha, Michael T and Sullivan, Catherine A and Walker, Michael F and Waqar, Zainulabedin and Wei, Liping and Willsey, A Jeremy and Yamrom, Boris and Lee, Yoon-ha and Grabowska, Ewa and Dalkic, Ertugrul and Wang, Zihua and Marks, Steven and Andrews, Peter and Leotta, Anthony and Kendall, Jude and Hakker, Inessa and Rosenbaum, Julie and Ma, Beicong and Rodgers, Linda and Troge, Jennifer and Narzisi, Giuseppe and Yoon, Seungtai and Schatz, Michael C and Ye, Kenny and McCombie, W Richard and Shendure, Jay and Eichler, Evan E and State, Matthew W and Wigler, Michael},
title = {{The contribution of de novo coding mutations to autism spectrum disorder.}},
journal = {Nature},
year = {2014},
volume = {515},
number = {7526},
pages = {216--221},
month = nov
}

@article{Leucht:2008ha,
author = {Leucht, Christoph and Stigloher, Christian and Wizenmann, Andrea and Klafke, Ruth and Folchert, Anja and Bally-Cuif, Laure},
title = {{MicroRNA-9 directs late organizer activity of the midbrain-hindbrain boundary.}},
journal = {Nature neuroscience},
year = {2008},
volume = {11},
number = {6},
pages = {641--648},
month = jun
}

@article{Amemiya:2013hk,
author = {Amemiya, Chris T and Alf{\"o}ldi, Jessica and Lee, Alison P and Fan, Shaohua and Philippe, Herv{\'e} and MacCallum, Iain and Braasch, Ingo and Manousaki, Tereza and Schneider, Igor and Rohner, Nicolas and Organ, Chris and Chalopin, Domitille and Smith, Jeramiah J and Robinson, Mark and Dorrington, Rosemary A and Gerdol, Marco and Aken, Bronwen and Biscotti, Maria Assunta and Barucca, Marco and Baurain, Denis and Berlin, Aaron M and Blatch, Gregory L and Buonocore, Francesco and Burmester, Thorsten and Campbell, Michael S and Canapa, Adriana and Cannon, John P and Christoffels, Alan and De Moro, Gianluca and Edkins, Adrienne L and Fan, Lin and Fausto, Anna Maria and Feiner, Nathalie and Forconi, Mariko and Gamieldien, Junaid and Gnerre, Sante and Gnirke, Andreas and Goldstone, Jared V and Haerty, Wilfried and Hahn, Mark E and Hesse, Uljana and Hoffmann, Steve and Johnson, Jeremy and Karchner, Sibel I and Kuraku, Shigehiro and Lara, Marcia and Levin, Joshua Z and Litman, Gary W and Mauceli, Evan and Miyake, Tsutomu and Mueller, M Gail and Nelson, David R and Nitsche, Anne and Olmo, Ettore and Ota, Tatsuya and Pallavicini, Alberto and Panji, Sumir and Picone, Barbara and Ponting, Chris P and Prohaska, Sonja J and Przybylski, Dariusz and Saha, Nil Ratan and Ravi, Vydianathan and Ribeiro, Filipe J and Sauka-Spengler, Tatjana and Scapigliati, Giuseppe and Searle, Stephen M J and Sharpe, Ted and Simakov, Oleg and Stadler, Peter F and Stegeman, John J and Sumiyama, Kenta and Tabbaa, Diana and Tafer, Hakim and Turner-Maier, Jason and van Heusden, Peter and White, Simon and Williams, Louise and Yandell, Mark and Brinkmann, Henner and Volff, Jean-Nicolas and Tabin, Clifford J and Shubin, Neil and Schartl, Manfred and Jaffe, David B and Postlethwait, John H and Venkatesh, Byrappa and Di Palma, Federica and Lander, Eric S and Meyer, Axel and Lindblad-Toh, Kerstin},
title = {{The African coelacanth genome provides insights into tetrapod evolution.}},
journal = {Nature},
year = {2013},
volume = {496},
number = {7445},
pages = {311--316},
month = apr
}

@article{Wenger:2013jd,
author = {Wenger, A M and Clarke, S L and Notwell, J H and Chung, T and Tuteja, Geetu and Guturu, Harendra and Schaar, Bruce T and Bejerano, Gill},
title = {{The enhancer landscape during early neocortical development reveals patterns of dense regulation and co-option}},
journal = {PLoS Genetics},
year = {2013},
volume = {9},
number = {8},
pages = {e1003728}
}

@article{Chuang:2015dw,
author = {Chuang, Hsiu-Chun and Huang, Tzyy-Nan and Hsueh, Yi-Ping},
title = {{T-Brain-1--A Potential Master Regulator in Autism Spectrum Disorders.}},
journal = {Autism research : official journal of the International Society for Autism Research},
year = {2015},
volume = {8},
number = {4},
pages = {412--426},
month = aug
}

@article{McKenna:2015fv,
author = {McKenna, William L and Ortiz-Londono, Christian F and Mathew, Thomas K and Hoang, Kendy and Katzman, Sol and Chen, Bin},
title = {{Mutual regulation between Satb2 and Fezf2 promotes subcerebral projection neuron identity in the developing cerebral cortex.}},
journal = {Proceedings of the National Academy of Sciences of the United States of America},
year = {2015},
volume = {112},
number = {37},
pages = {11702--11707},
month = sep
}

@article{Pfaffl:2001vs,
author = {Pfaffl, M W},
title = {{A new mathematical model for relative quantification in real-time RT-PCR.}},
journal = {Nucleic acids research},
year = {2001},
volume = {29},
number = {9},
pages = {e45},
month = may
}

@article{SchizophreniaWorkingGroupofthePsychiatricGenomicsConsortium:2014eb,
author = {{Schizophrenia Working Group of the Psychiatric Genomics Consortium}},
title = {{Biological insights from 108 schizophrenia-associated genetic loci.}},
journal = {Nature},
year = {2014},
volume = {511},
number = {7510},
pages = {421--427},
month = jul
}

@article{Ernst:2011kw,
author = {Ernst, Jason and Kheradpour, Pouya and Mikkelsen, Tarjei S and Shoresh, Noam and Ward, Lucas D and Epstein, Charles B and Zhang, Xiaolan and Wang, Li and Issner, Robbyn and Coyne, Michael and Ku, Manching and Durham, Timothy and Kellis, Manolis and Bernstein, Bradley E},
title = {{Mapping and analysis of chromatin state dynamics in nine human cell types.}},
journal = {Nature},
year = {2011},
volume = {473},
number = {7345},
pages = {43--49},
month = may
}

@article{Schneider:2012dw,
author = {Schneider, C A and Rasband, W S and Eliceiri, K W},
title = {{NIH Image to ImageJ: 25 years of image analysis}},
journal = {Nature methods},
year = {2012},
volume = {9},
number = {7},
pages = {671--675}
}

@article{Ritchie:2015fa,
author = {Ritchie, Matthew E and Phipson, Belinda and Wu, Di and Hu, Yifang and Law, Charity W and Shi, Wei and Smyth, Gordon K},
title = {{limma powers differential expression analyses for RNA-sequencing and microarray studies.}},
journal = {Nucleic acids research},
year = {2015},
volume = {43},
number = {7},
pages = {e47--e47},
month = apr
}

@article{Wenger:2013ds,
author = {Wenger, Aaron M and Clarke, Shoa L and Guturu, Harendra and Chen, Jenny and Schaar, Bruce T and McLean, Cory Y and Bejerano, Gill},
title = {{PRISM offers a comprehensive genomic approach to transcription factor function prediction.}},
journal = {Genome research},
year = {2013},
month = feb
}

@article{Clancy:2007fs,
author = {Clancy, Barbara and Finlay, Barbara L and Darlington, Richard B and Anand, K J S},
title = {{Extrapolating brain development from experimental species to humans}},
journal = {NeuroToxicology},
year = {2007},
volume = {28},
number = {5},
pages = {931--937},
month = sep
}

@article{Kwan:2007kh,
author = {Kwan, Kristen M and Fujimoto, Esther and Grabher, Clemens and Mangum, Benjamin D and Hardy, Melissa E and Campbell, Douglas S and Parant, John M and Yost, H Joseph and Kanki, John P and Chien, Chi-Bin},
title = {{The Tol2kit: a multisite gateway-based construction kit for Tol2 transposon transgenesis constructs.}},
journal = {Developmental dynamics : an official publication of the American Association of Anatomists},
year = {2007},
volume = {236},
number = {11},
pages = {3088--3099},
month = nov
}

@article{Chi:2008dw,
author = {Chi, Neil C and Shaw, Robin M and De Val, Sarah and Kang, Guson and Jan, Lily Y and Black, Brian L and Stainier, Didier Y R},
title = {{Foxn4 directly regulates tbx2b expression and atrioventricular canal formation.}},
journal = {Genes {\&} development},
year = {2008},
volume = {22},
number = {6},
pages = {734--739},
month = mar
}

@article{Oxtoby:1993um,
author = {Oxtoby, E and Jowett, T},
title = {{Cloning of the zebrafish krox-20 gene (krx-20) and its expression during hindbrain development.}},
journal = {Nucleic acids research},
year = {1993},
volume = {21},
number = {5},
pages = {1087--1095},
month = mar
}

@article{Shibata:2011jm,
author = {Shibata, Mikihito and Nakao, Hiromi and Kiyonari, Hiroshi and Abe, Takaya and Aizawa, Shinichi},
title = {{MicroRNA-9 regulates neurogenesis in mouse telencephalon by targeting multiple transcription factors.}},
journal = {The Journal of neuroscience : the official journal of the Society for Neuroscience},
year = {2011},
volume = {31},
number = {9},
pages = {3407--3422},
month = mar
}

@article{Turner:2015jb,
author = {Turner, Tychele N and Sharma, Kamal and Oh, Edwin C and Liu, Yangfan P and Collins, Ryan L and Sosa, Maria X and Auer, Dallas R and Brand, Harrison and Sanders, Stephan J and Moreno-De-Luca, Daniel and Pihur, Vasyl and Plona, Teri and Pike, Kristen and Soppet, Daniel R and Smith, Michael W and Cheung, Sau Wai and Martin, Christa Lese and State, Matthew W and Talkowski, Michael E and Cook, Edwin and Huganir, Richard and Katsanis, Nicholas and Chakravarti, Aravinda},
title = {{Loss of $\delta$-catenin function in severe autism.}},
journal = {Nature},
year = {2015},
volume = {520},
number = {7545},
pages = {51--56},
month = apr
}

@article{Darbandi:2009ht,
author = {Darbandi, Siavash and Franck, Jens P C},
title = {{A comparative study of ryanodine receptor (RyR) gene expression levels in a basal ray-finned fish, bichir (Polypterus ornatipinnis) and the derived euteleost zebrafish (Danio rerio).}},
journal = {Comparative biochemistry and physiology. Part B, Biochemistry {\&} molecular biology},
year = {2009},
volume = {154},
number = {4},
pages = {443--448},
month = dec
}

@article{Han:2011fo,
author = {Han, Steve S W and Williams, Luis A and Eggan, Kevin C},
title = {{Constructing and deconstructing stem cell models of neurological disease.}},
year = {2011},
volume = {70},
number = {4},
pages = {626--644},
month = may
}

@article{Nepal:2016hm,
author = {Nepal, Chirag and Coolen, Marion and Hadzhiev, Yavor and Cussigh, Delphine and Mydel, Piotr and Steen, Vidar M and Carninci, Piero and Andersen, Jesper B and Bally-Cuif, Laure and M{\"u}ller, Ferenc and Lenhard, Boris},
title = {{Transcriptional, post-transcriptional and chromatin-associated regulation of pri-miRNAs, pre-miRNAs and moRNAs.}},
journal = {Nucleic acids research},
year = {2016},
volume = {44},
number = {7},
pages = {3070--3081},
month = apr
}

@article{Li:2014ft,
author = {Li, Jingjing and Shi, Minyi and Ma, Zhihai and Zhao, Shuchun and Euskirchen, Ghia and Ziskin, Jennifer and Urban, Alexander and Hallmayer, Joachim and Snyder, Michael},
title = {{Integrated systems analysis reveals a molecular network underlying autism spectrum disorders.}},
journal = {Molecular systems biology},
year = {2014},
volume = {10},
pages = {774}
}

@article{Varshney:2015jc,
author = {Varshney, Gaurav K and Pei, Wuhong and LaFave, Matthew C and Idol, Jennifer and Xu, Lisha and Gallardo, Viviana and Carrington, Blake and Bishop, Kevin and Jones, MaryPat and Li, Mingyu and Harper, Ursula and Huang, Sunny C and Prakash, Anupam and Chen, Wenbiao and Sood, Raman and Ledin, Johan and Burgess, Shawn M},
title = {{High-throughput gene targeting and phenotyping in zebrafish using CRISPR/Cas9.}},
journal = {Genome research},
year = {2015},
volume = {25},
number = {7},
pages = {1030--1042},
month = jul
}

@article{Petrovski:2013bp,
author = {Petrovski, Slav{\'e} and Wang, Quanli and Heinzen, Erin L and Allen, Andrew S and Goldstein, David B},
title = {{Genic intolerance to functional variation and the interpretation of personal genomes.}},
journal = {PLoS Genetics},
year = {2013},
volume = {9},
number = {8},
pages = {e1003709}
}

@article{Hiller:2013hr,
author = {Hiller, Michael and Agarwal, Saatvik and Notwell, James H and Parikh, Ravi and Guturu, Harendra and Wenger, Aaron M and Bejerano, Gill},
title = {{Computational methods to detect conserved non-genic elements in phylogenetically isolated genomes: application to zebrafish.}},
journal = {Nucleic acids research},
year = {2013},
volume = {41},
number = {15},
pages = {e151},
month = aug
}

@article{Sulem:2015fi,
author = {Sulem, Patrick and Helgason, Hannes and Oddson, Asmundur and Stefansson, Hreinn and Gudjonsson, Sigurjon A and Zink, Florian and Hjartarson, Eirikur and Sigurdsson, Gunnar Th and Jonasdottir, Adalbjorg and Jonasdottir, Aslaug and Sigurdsson, Asgeir and Magnusson, Olafur Th and Kong, Augustine and Helgason, Agnar and Holm, Hilma and Thorsteinsdottir, Unnur and Masson, Gisli and Gudbjartsson, Daniel F and Stefansson, Kari},
title = {{Identification of a large set of rare complete human knockouts.}},
journal = {Nature genetics},
year = {2015},
volume = {47},
number = {5},
pages = {448--452},
month = mar
}

@article{DeRubeis:2014cw,
author = {De Rubeis, Silvia and He, Xin and Goldberg, Arthur P and Poultney, Christopher S and Samocha, Kaitlin and Cicek, A Erucment and Kou, Yan and Liu, Li and Fromer, Menachem and Walker, Susan and Singh, Tarinder and Klei, Lambertus and Kosmicki, Jack and Shih-Chen, Fu and Aleksic, Branko and Biscaldi, Monica and Bolton, Patrick F and Brownfeld, Jessica M and Cai, Jinlu and Campbell, Nicholas G and Carracedo, {\'A}ngel and Chahrour, Maria H and Chiocchetti, Andreas G and Coon, Hilary and Crawford, Emily L and Curran, Sarah R and Dawson, Geraldine and Duketis, Eftichia and Fernandez, Bridget A and Gallagher, Louise and Geller, Evan and Guter, Stephen J and Hill, R Sean and Ionita-Laza, Juliana and Jimenz Gonzalez, Patricia and Kilpinen, Helena and Klauck, Sabine M and Kolevzon, Alexander and Lee, Irene and Lei, Irene and Lei, Jing and Lehtim{\"a}ki, Terho and Lin, Chiao-Feng and Ma'ayan, Avi and Marshall, Christian R and McInnes, Alison L and Neale, Benjamin and Owen, Michael J and Ozaki, Noriio and Parellada, Mara and Parr, Jeremy R and Purcell, Shaun and Puura, Kaija and Rajagopalan, Deepthi and Rehnstr{\"o}m, Karola and Reichenberg, Abraham and Sabo, Aniko and Sachse, Michael and Sanders, Stephan J and Schafer, Chad and Schulte-R{\"u}ther, Martin and Skuse, David and Stevens, Christine and Szatmari, Peter and Tammimies, Kristiina and Valladares, Otto and Voran, Annette and Li-San, Wang and Weiss, Lauren A and Willsey, A Jeremy and Yu, Timothy W and Yuen, Ryan K C and {DDD Study} and {Homozygosity Mapping Collaborative for Autism} and {UK10K Consortium} and Cook, Edwin H and Freitag, Christine M and Gill, Michael and Hultman, Christina M and Lehner, Thomas and Palotie, Aaarno and Schellenberg, Gerard D and Sklar, Pamela and State, Matthew W and Sutcliffe, James S and Walsh, Christiopher A and Scherer, Stephen W and Zwick, Michael E and Barett, Jeffrey C and Cutler, David J and Roeder, Kathryn and Devlin, Bernie and Daly, Mark J and Buxbaum, Joseph D},
title = {{Synaptic, transcriptional and chromatin genes disrupted in autism.}},
journal = {Nature},
year = {2014},
volume = {515},
number = {7526},
pages = {209--215},
month = nov
}

@article{Kong:2012ek,
author = {Kong, Augustine and Frigge, Michael L and Masson, Gisli and Besenbacher, Soren and Sulem, Patrick and Magnusson, Gisli and Gudjonsson, Sigurjon A and Sigurdsson, Asgeir and Jonasdottir, Aslaug and Jonasdottir, Adalbjorg and Wong, Wendy S W and Sigurdsson, Gunnar and Walters, G Bragi and Steinberg, Stacy and Helgason, Hannes and Thorleifsson, Gudmar and Gudbjartsson, Daniel F and Helgason, Agnar and Magnusson, Olafur Th and Thorsteinsdottir, Unnur and Stefansson, Kari},
title = {{Rate of de novo mutations and the importance of father's age to disease risk.}},
journal = {Nature},
year = {2012},
volume = {488},
number = {7412},
pages = {471--475},
month = aug
}

@article{Du:2011cf,
author = {Du, Runlei and Li, Shangze and Zhang, Xiaodong},
title = {{A modified plasmid vector pCMV-3Tag-LIC for rapid, reliable, ligation-independent cloning of polymerase chain reaction products.}},
journal = {Analytical biochemistry},
year = {2011},
volume = {408},
number = {2},
pages = {357--359},
month = jan
}

@article{Eckler:2014jd,
author = {Eckler, Matthew J and Larkin, Kathryn A and McKenna, William L and Katzman, Sol and Guo, Chao and Roque, Robin and Visel, Axel and Rubenstein, John L R and Bin Chen},
title = {{Multiple conserved regulatory domains promote Fezf2 expression in the developing cerebral cortex}},
journal = {Neural development},
year = {2014},
volume = {9},
number = {1},
pages = {6},
month = mar
}

@article{Li:2009fi,
author = {Li, Heng and Durbin, Richard},
title = {{Fast and accurate short read alignment with Burrows-Wheeler transform.}},
journal = {Bioinformatics (Oxford, England)},
year = {2009},
volume = {25},
number = {14},
pages = {1754--1760},
month = jul
}

@article{Kunarso:2010kt,
author = {Kunarso, Galih and Chia, Na-Yu and Jeyakani, Justin and Hwang, Catalina and Lu, Xinyi and Chan, Yun-Shen and Ng, Huck Hui and Bourque, Guillaume},
title = {{Transposable elements have rewired the core regulatory network of human embryonic stem cells.}},
journal = {Nature genetics},
year = {2010},
volume = {42},
number = {7},
pages = {631--634},
month = jul
}

@article{Han:2011fs,
author = {Han, Wenqi and Kwan, Kenneth Y and Shim, Sungbo and Lam, Mandy M S and Shin, Yurae and Xu, Xuming and Zhu, Ying and Li, Mingfeng and {\v{S}}estan, Nenad},
title = {{TBR1 directly represses Fezf2 to control the laminar origin and development of the corticospinal tract.}},
journal = {Proceedings of the National Academy of Sciences of the United States of America},
year = {2011},
volume = {108},
number = {7},
pages = {3041--3046},
month = feb
}

@article{Leone:2008ir,
author = {Leone, Dino P and Srinivasan, Karpagam and Chen, Bin and Alcamo, Elizabeth and McConnell, Susan K},
title = {{The determination of projection neuron identity in the developing cerebral cortex.}},
journal = {Current opinion in neurobiology},
year = {2008},
volume = {18},
number = {1},
pages = {28--35},
month = feb
}

@article{Bonev:2011fg,
author = {Bonev, Boyan and Pisco, Angela and Papalopulu, Nancy},
title = {{MicroRNA-9 reveals regional diversity of neural progenitors along the anterior-posterior axis.}},
journal = {Developmental cell},
year = {2011},
volume = {20},
number = {1},
pages = {19--32},
month = jan
}

@article{Cunningham:2015ew,
author = {Cunningham, Fiona and Amode, M Ridwan and Barrell, Daniel and Beal, Kathryn and Billis, Konstantinos and Brent, Simon and Carvalho-Silva, Denise and Clapham, Peter and Coates, Guy and Fitzgerald, Stephen and Gil, Laurent and Gir{\'o}n, Carlos Garc{\'\i}a and Gordon, Leo and Hourlier, Thibaut and Hunt, Sarah E and Janacek, Sophie H and Johnson, Nathan and Juettemann, Thomas and K{\"a}h{\"a}ri, Andreas K and Keenan, Stephen and Martin, Fergal J and Maurel, Thomas and McLaren, William and Murphy, Daniel N and Nag, Rishi and Overduin, Bert and Parker, Anne and Patricio, Mateus and Perry, Emily and Pignatelli, Miguel and Riat, Harpreet Singh and Sheppard, Daniel and Taylor, Kieron and Thormann, Anja and Vullo, Alessandro and Wilder, Steven P and Zadissa, Amonida and Aken, Bronwen L and Birney, Ewan and Harrow, Jennifer and Kinsella, Rhoda and Muffato, Matthieu and Ruffier, Magali and Searle, Stephen M J and Spudich, Giulietta and Trevanion, Stephen J and Yates, Andy and Zerbino, Daniel R and Flicek, Paul},
title = {{Ensembl 2015.}},
journal = {Nucleic acids research},
year = {2015},
volume = {43},
number = {Database issue},
pages = {D662--9},
month = jan
}

@article{Levo:2014hl,
author = {Levo, Michal and Segal, Eran},
title = {{In pursuit of design principles of regulatory sequences.}},
journal = {Nature Reviews Genetics},
year = {2014},
volume = {15},
number = {7},
pages = {453--468},
month = jul
}

@article{Spitz:2012fj,
author = {Spitz, Fran{\c c}ois and Furlong, Eileen E M},
title = {{Transcription factors: from enhancer binding to developmental control.}},
journal = {Nature Reviews Genetics},
year = {2012},
volume = {13},
number = {9},
pages = {613--626},
month = sep
}

@article{Eppig:2014ib,
author = {Eppig, Janan T and Blake, Judith A and Bult, Carol J and Kadin, James A and Richardson, Joel E and {The Mouse Genome Database Group}},
title = {{The Mouse Genome Database (MGD): facilitating mouse as a model for human biology and disease.}},
journal = {Nucleic acids research},
year = {2014},
volume = {43},
number = {D1},
pages = {D726--D736},
month = oct
}

@article{Parikshak:2013di,
author = {Parikshak, Neelroop N and Luo, Rui and Zhang, Alice and Won, Hyejung and Lowe, Jennifer K and Chandran, Vijayendran and Horvath, Steve and Geschwind, Daniel H},
title = {{Integrative functional genomic analyses implicate specific molecular pathways and circuits in autism.}},
journal = {Cell},
year = {2013},
volume = {155},
number = {5},
pages = {1008--1021},
month = nov
}

@article{Campbell:2008ba,
author = {Campbell, Christine E and Piper, Michael and Plachez, C{\'e}line and Yeh, Yu-Ting and Baizer, Joan S and Osinski, Jason M and Litwack, E David and Richards, Linda J and Gronostajski, Richard M},
title = {{The transcription factor Nfix is essential for normal brain development.}},
journal = {BMC Developmental Biology},
year = {2008},
volume = {8},
number = {1},
pages = {52}
}

@article{Wang:2007da,
author = {Wang, Jie Jin and Liew, Gerald and Klein, Ronald and Rochtchina, Elena and Knudtson, Michael D and Klein, Barbara E K and Wong, Tien Yin and Burlutsky, George and Mitchell, Paul},
title = {{Retinal vessel diameter and cardiovascular mortality: pooled data analysis from two older populations.}},
journal = {European heart journal},
year = {2007},
volume = {28},
number = {16},
pages = {1984--1992},
month = aug
}

@article{Tong:2013bg,
author = {Tong, Chih-Wei and Wang, Jen-Ling and Jiang, Mei-Sian and Hsu, Chia-Hao and Chang, Wen-Teng and Huang, A-Min},
title = {{Novel genes that mediate nuclear respiratory factor 1-regualted neurite outgrowth in neuroblastoma IMR-32 cells.}},
journal = {Gene},
year = {2013},
volume = {515},
number = {1},
pages = {62--70},
month = feb
}

@article{Pauli:2012ip,
author = {Pauli, Andrea and Valen, Eivind and Lin, Michael F and Garber, Manuel and Vastenhouw, Nadine L and Levin, Joshua Z and Fan, Lin and Sandelin, Albin and Rinn, John L and Regev, Aviv and Schier, Alexander F},
title = {{Systematic identification of long noncoding RNAs expressed during zebrafish embryogenesis.}},
journal = {Genome research},
year = {2012},
volume = {22},
number = {3},
pages = {577--591},
month = mar
}

@article{Traylor:2012ga,
author = {Traylor, R N and Dobyns, W B and Rosenfeld, J A and Wheeler, P and Spence, J E and Bandholz, A M and Bawle, E V and Carmany, E P and Powell, C M and Hudson, B and Schultz, R A and Shaffer, L G and Ballif, B C},
title = {{Investigation of TBR1 Hemizygosity: Four Individuals with 2q24 Microdeletions.}},
journal = {Molecular syndromology},
year = {2012},
volume = {3},
number = {3},
pages = {102--112},
month = sep
}

@article{Jackson:2015gu,
author = {Jackson, Harriet E and Ono, Yosuke and Wang, Xingang and Elworthy, Stone and Cunliffe, Vincent T and Ingham, Philip W},
title = {{The role of Sox6 in zebrafish muscle fiber type specification.}},
journal = {Skeletal muscle},
year = {2015},
volume = {5},
number = {1},
pages = {2}
}

@article{May:2012iy,
author = {May, Dalit and Blow, Matthew J and Kaplan, Tommy and McCulley, David J and Jensen, Brian C and Akiyama, Jennifer A and Holt, Amy and Plajzer-Frick, Ingrid and Shoukry, Malak and Wright, Crystal and Afzal, Veena and Simpson, Paul C and Rubin, Edward M and Black, Brian L and Bristow, James and Pennacchio, Len A and Visel, Axel},
title = {{Large-scale discovery of enhancers from human heart tissue.}},
journal = {Nature genetics},
year = {2012},
volume = {44},
number = {1},
pages = {89--93},
month = jan
}

@article{Bulfone:1995kl,
author = {Bulfone, Alessandro and Smiga, Susan M and Shimamura, Kenji and Peterson, Andrew and Puelles, Luis and Rubenstein, John L R},
title = {{T-Brain-1: A homolog of Brachyury whose expression defines molecularly distinct domains within the cerebral cortex}},
journal = {Neuron},
year = {1995},
volume = {15},
number = {1},
pages = {63--78}
}

@article{Rosenbloom:2015bg,
author = {Rosenbloom, Kate R and Armstrong, Joel and Barber, Galt P and Casper, Jonathan and Clawson, Hiram and Diekhans, Mark and Dreszer, Timothy R and Fujita, Pauline A and Guruvadoo, Luvina and Haeussler, Maximilian and Harte, Rachel A and Heitner, Steve and Hickey, Glenn and Hinrichs, Angie S and Hubley, Robert and Karolchik, Donna and Learned, Katrina and Lee, Brian T and Li, Chin H and Miga, Karen H and Nguyen, Ngan and Paten, Benedict and Raney, Brian J and Smit, Arian F A and Speir, Matthew L and Zweig, Ann S and Haussler, David and Kuhn, Robert M and Kent, W James},
title = {{The UCSC Genome Browser database: 2015 update.}},
journal = {Nucleic acids research},
year = {2015},
volume = {43},
number = {Database issue},
pages = {D670--81},
month = jan
}

@article{Gotea:2010cc,
author = {Gotea, Valer and Visel, Axel and Westlund, John M and Nobrega, Marcelo A and Pennacchio, Len A and Ovcharenko, Ivan},
title = {{Homotypic clusters of transcription factor binding sites are a key component of human promoters and enhancers.}},
journal = {Genome research},
year = {2010},
volume = {20},
number = {5},
pages = {565--577},
month = may
}

@article{Creyghton:2010hu,
author = {Creyghton, Menno P and Cheng, Albert W and Welstead, G Grant and Kooistra, Tristan and Carey, Bryce W and Steine, Eveline J and Hanna, Jacob and Lodato, Michael A and Frampton, Garrett M and Sharp, Phillip A and Boyer, Laurie A and Young, Richard A and Jaenisch, Rudolf},
title = {{Histone H3K27ac separates active from poised enhancers and predicts developmental state.}},
journal = {Proceedings of the National Academy of Sciences},
year = {2010},
volume = {107},
number = {50},
pages = {21931--21936},
month = dec
}

@article{McGeechan:2009dr,
author = {McGeechan, Kevin and Liew, Gerald and Macaskill, Petra and Irwig, Les and Klein, Ronald and Klein, Barbara E K and Wang, Jie Jin and Mitchell, Paul and Vingerling, Johannes R and de Jong, Paulus T V M and Witteman, Jacqueline C M and Breteler, Monique M B and Shaw, Jonathan and Zimmet, Paul and Wong, Tien Y},
title = {{Prediction of incident stroke events based on retinal vessel caliber: a systematic review and individual-participant meta-analysis.}},
journal = {American journal of epidemiology},
year = {2009},
volume = {170},
number = {11},
pages = {1323--1332},
month = dec
}

@article{Frantz:1994tc,
author = {Frantz, G D and Weimann, J M and Levin, M E and McConnell, S K},
title = {{Otx1 and Otx2 define layers and regions in developing cerebral cortex and cerebellum.}},
journal = {The Journal of neuroscience : the official journal of the Society for Neuroscience},
year = {1994},
volume = {14},
number = {10},
pages = {5725--5740},
month = oct
}

@article{Zhuang:2012jw,
author = {Zhuang, Guanglei and Wu, Xiumin and Jiang, Zhaoshi and Kasman, Ian and Yao, Jenny and Guan, Yinghui and Oeh, Jason and Modrusan, Zora and Bais, Carlos and Sampath, Deepak and Ferrara, Napoleone},
title = {{Tumour-secreted miR-9 promotes endothelial cell migration and angiogenesis by activating the JAK-STAT pathway.}},
journal = {The EMBO journal},
year = {2012},
volume = {31},
number = {17},
pages = {3513--3523},
month = aug
}

@article{Kucenas:2008ec,
author = {Kucenas, Sarah and Takada, Norio and Park, Hae-Chul and Woodruff, Elvin and Broadie, Kendal and Appel, Bruce},
title = {{CNS-derived glia ensheath peripheral nerves and mediate motor root development.}},
journal = {Nature neuroscience},
year = {2008},
volume = {11},
number = {2},
pages = {143--151},
month = feb
}

@article{Jacques:2013jz,
author = {Jacques, P {\'E} and Jeyakani, J and Bourque, G},
title = {{The Majority of Primate-Specific Regulatory Sequences Are Derived from Transposable Elements}},
journal = {PLoS Genetics},
year = {2013}
}

@article{Neale:2012ki,
author = {Neale, Benjamin M and Kou, Yan and Liu, Li and Ma'ayan, Avi and Samocha, Kaitlin E and Sabo, Aniko and Lin, Chiao-Feng and Stevens, Christine and Wang, Li-San and Makarov, Vladimir and Polak, Paz and Yoon, Seungtai and Maguire, Jared and Crawford, Emily L and Campbell, Nicholas G and Geller, Evan T and Valladares, Otto and Schafer, Chad and Liu, Han and Zhao, Tuo and Cai, Guiqing and Lihm, Jayon and Dannenfelser, Ruth and Jabado, Omar and Peralta, Zuleyma and Nagaswamy, Uma and Muzny, Donna and Reid, Jeffrey G and Newsham, Irene and Wu, Yuanqing and Lewis, Lora and Han, Yi and Voight, Benjamin F and Lim, Elaine and Rossin, Elizabeth and Kirby, Andrew and Flannick, Jason and Fromer, Menachem and Shakir, Khalid and Fennell, Tim and Garimella, Kiran and Banks, Eric and Poplin, Ryan and Gabriel, Stacey and DePristo, Mark and Wimbish, Jack R and Boone, Braden E and Levy, Shawn E and Betancur, Catalina and Sunyaev, Shamil and Boerwinkle, Eric and Buxbaum, Joseph D and Cook, Edwin H and Devlin, Bernie and Gibbs, Richard A and Roeder, Kathryn and Schellenberg, Gerard D and Sutcliffe, James S and Daly, Mark J},
title = {{Patterns and rates of exonic de novo mutations in autism spectrum disorders.}},
journal = {Nature},
year = {2012},
volume = {485},
number = {7397},
pages = {242--245},
month = may
}

@article{Eppig:2015ib,
author = {Eppig, Janan T and Blake, Judith A and Bult, Carol J and Kadin, James A and Richardson, Joel E and {Mouse Genome Database Group}},
title = {{The Mouse Genome Database (MGD): facilitating mouse as a model for human biology and disease.}},
journal = {Nucleic acids research},
year = {2015},
volume = {43},
number = {Database issue},
pages = {D726--36},
month = jan
}

